@misc{ConnellySP,
  author = {Bill Connelly},
  title = {Explaining S&P+, college football’s deepest advanced analytics system},
  howpublished = {\url{https://www.sbnation.com/college-football/2017/10/13/16457830/college-football-advanced-stats-analytics-rankings}},
  year = {2017},
  note = {Accessed: November 4, 2024}
}

@book{BasketballOnPaper, place={Washington, D.C.}, title={Basketball on paper: Rules and Tools for Performance Analysis}, publisher={Potomac Books, Inc}, author={Oliver, Dean}, year={2011}} 

@misc{BasketballReference,
  author = {Sports Reference, LLC.},
  title = {College Basketball School Stats},
  howpublished = {\url{https://www.basketball-reference.com/10-21-2024}},
  year = {2024},
  note = {Accessed: October 21, 2024}
}

@misc{PomeroyPoss, title={The Possession}, url={https://kenpom.com/blog/the-possession/}, journal={Kenpom.com}, author={Pomeroy, Ken}, year={2004}, month={Apr}} 

@article{Lehmann_2011, title={On the history and use of some standard statistical models}, DOI={10.1007/978-1-4614-1412-4_85}, journal={Selected Works of E. L. Lehmann}, author={Lehmann, E. L.}, year={2011}, month={Nov}, pages={1019–1031}} 

@article{fernandezresiduals,
  title={Residual analysis and data transformations: important tools in statistical analysis},
  author={Fernandez, George CJ},
  journal={HortScience},
  volume={27},
  number={4},
  pages={297--300},
  year={1992}
}

@article{fontilasso,
  title={Feature selection using lasso},
  author={Fonti, Valeria and Belitser, Eduard},
  journal={VU Amsterdam research paper in business analytics},
  volume={30},
  pages={1--25},
  year={2017},
  publisher={Business Analytics Master Amsterdam, The Netherlands}
}